@ARTICLE{ARTICLE:1,
    AUTHOR="Pappas, K. and Azab, M. and Mihalcea, R.",
    title     = {A Comparative Analysis of Content-based Geolocation in Blogs and Tweets},
    journal   = {CoRR},
    volume    = {abs/1811.07497},
    year      = {2018},
    url       = {http://arxiv.org/abs/1811.07497},
    archivePrefix = {arXiv},
    eprint    = {1811.07497},
    timestamp = {Sun, 25 Nov 2018 18:57:12 +0100},
    biburl    = {https://dblp.org/rec/bib/journals/corr/abs-1811-07497},
    bibsource = {dblp computer science bibliography, https://dblp.org}
}
